@techreport{hubert2012irit,
	title={{IRIT} at {TREC} 2012 {C}ontextual {S}uggestion {T}rack},
	author={Hubert, Gilles and Cabanac, Guillaume},
	year={2012},
	institution={DTIC Document}
}

@techreport{sappelli2012tno,
	title={{TNO} and {RUN} at the {TREC} 2012 {C}ontextual {S}uggestion {T}rack: Recommending personalized touristic sights using {G}oogle {P}laces},
	author={Sappelli, Maya and Verberne, Suzan and Kraaij, Wessel},
	year={2012},
	institution={DTIC Document}
}

@techreport{Koolen_contextualsuggestion,
    author = {Marijn Koolen and Jaap Kamps and Hugo Huurdeman},
    title = {Contextual Suggestion from Wikitravel: Exploiting Community-based Suggestions},
	year={2012},
	institution={DTIC Document}
}

@techreport{yang2012exploration,
	title={An exploration of ranking-based strategy for contextual suggestion},
	author={Yang, Peilin and Fang, Hui},
	year={2012},
	institution={DTIC Document}
}

@inproceedings{fang2005exploration,
	title={An exploration of axiomatic approaches to information retrieval},
	author={Fang, Hui and Zhai, ChengXiang},
	booktitle={Proceedings of the 28th annual international ACM SIGIR conference on Research and development in information retrieval},
	pages={480--487},
	year={2005},
	organization={ACM}
}

@techreport{milne2012finding,
  title={Finding, weighting and describing venues: {CSIRO} at the 2012 {TREC} {C}ontextual {S}uggestion {T}rack},
  author={Milne, David and Thomas, Paul and Paris, Cecile},
  year={2012},
  institution={DTIC Document}
}